@article{stark1982colonization,
  title={Colonization of the large bowel by Clostridium difficile in healthy infants: quantitative study.},
  author={Stark, PAMELA L and Lee, ADRIAN and Parsonage, BRIAN D},
  journal={Infection and immunity},
  volume={35},
  number={3},
  pages={895--899},
  year={1982},
  publisher={Am Soc Microbiol}
}

@misc{acara2013,
title={Deidentified student-level NAPLAN data, 2013 results linked to 2011},
author={ACARA},
year={2013},
note={Australian Curriculum Assessment and Reporting Authority, Sydney}
}

@misc{acara2014,
title={Deidentified student-level NAPLAN data, 2014 results linked to 2012},
author={ACARA},
year={2014},
note={Australian Curriculum Assessment and Reporting Authority, Sydney}
}

@misc{acara2014a,
title={ICSEA 2013: Technical Report},
author={ACARA},
year={2015},
note={Measurement and Research, March 2014. Australian Curriculum Assessment and Reporting Authority},
url={http://www.acara.edu.au/verve/_resources/ICSEA_2013_Generation_Report.pdf}
}

@misc{acara2015a,
title={National Assessment Program -- Literacy and Numeracy 2014: Technical Report},
author={ACARA},
year={2015},
note={Australian Curriculum Assessment and Reporting Authority, Sydney},
url={http://www.nap.edu.au/results-and-reports/national-reports.html}
}

@misc{acara2015b,
title={NAPLAN online fact sheet},
author={ACARA},
year={2015},
note={Australian Curriculum Assessment and Reporting Authority. August 2015},
url={http://www.nap.edu.au/verve/_resources/2015_FACT_SHEET_NAPLAN_online_tailored_tests.pdf}
}

@misc{acara2015c,
title={My School fact sheet: Interpreting NAPLAN results},
author={ACARA},
year={2015},
note={Australian Curriculum Assessment and Reporting Authority},
url={http://www.acara.edu.au/verve/_resources/Interpreting_NAPLAN_results_file.pdf}
}

@misc{acara2015d,
title={NAPLAN score equivalence tables},
author={ACARA},
year={2015},
note={Australian Curriculum Assessment and Reporting Authority},
url={http://www.nap.edu.au/results-and-reports/how-to-interpret/score-equivalence-tables.html}
}

@book{angoff1984,
title={Scales, Norms, and Equivalent Scores},
author={Angoff, W. H.},
year={1984},
publisher={Educational Testing Service},
address={Princeton, New Jersey},
url={https://www.ets.org/Media/Research/pdf/Angoff.Scales.Norms.Equiv.Scores.pdf}
}

@misc{goss2016,
title={Widening gaps: what NAPLAN tells us about student progress},
author={Goss, P. and Sonnemann, J. and Chisholm, C. and Nelson, L.},
year={2016},
note={Grattan Institute},
url={http://www.grattan.edu.au/widening-gaps/}
}

@misc{houng2015,
title={NAPLAN scores as predictors of access to higher education in Victoria},
author={Houng, B. and Justman, M.},
year={2014},
note={Melbourne Institute Working Paper Series. Working Paper No. 22/14}
}

@article{marks2015,
title={Are school-SES effects statistical artefacts? Evidence from longitudinal population data},
author={Marks, G. N.},
year={2015},
volume={41},
number={1},
pages={122--144},
journal={Oxford Review of Education}
}

@misc{oecd2009,
title={PISA Data Analysis Manual: Second Edition},
author={OECD},
year={2009},
note={31 Mar 2009. Organisation for Economic Co-operation and Development},
url={http://www.oecd.org/pisa/pisaproducts/pisadataanalysismanualspssandsassecondedition.htm}
}

@misc{oecd2013,
title={PISA 2012 Results: Excellence through Equity: Giving every student the chance to succeed (Volume II)},
author={OECD},
year={2013},
note={PISA, OECD Publishing},
url={http://www.oecd.org/pisa/keyfindings/pisa-2012-results-volume-II.pdf}
}

@book{oecd2015,
title={OECD Employment Outlook 2015},
author={OECD},
year={2015},
publisher={OECD Publishing},
address={Paris}
}

@misc{renaissance2015,
title={STAR Reading Technical Manual},
author={{Renaissance Learning}},
year={2015},
url={http://doc.renlearn.com/KMNet/R004384910GJF6AC.pdf}
}

@misc{vcaa2014,
title={Deidentified linked student-level NAPLAN data, 2008 year 3 cohort},
author={VCAA},
year={2014},
note={NAPLAN results for years 3, 5, 7, and 9, 2008 to 2014. Victorian Curriculum and Assessment Authority}
}

@misc{vcaa2015,
title={Deidentified linked student-level NAPLAN data, 2009 year 3 cohort},
author={VCAA},
year={2015},
note={NAPLAN results for years 3, 5, 7, and 9, 2009 to 2015. Victorian Curriculum and Assessment Authority}
}

@article{warm1989,
title={Weighted likelihood estimation of ability in item response theory},
author={Warm, T. A.},
year={1989},
volume={54},
number={3},
pages={427--450},
journal={Psychometrika}
}

@article{wu2005,
title={The role of plausible values in large-scale surveys},
author={Wu, M.},
year={2005},
volume={31},
pages={114--128},
journal={Studies in Educational Evaluation}
}

@article{wu2010,
title={Measurement, sampling, and equation errors in large-scale assessments},
author={Wu, M.},
year={2010},
volume={29},
number={4},
pages={15--27},
journal={Educational Measurement: Issues and Practice}
}